<record><leader>00000cas a22000007a 4500</leader><controlfield tag="001">41105829</controlfield><controlfield tag="008">990405d18481848vaudr ne      0    0eng d</controlfield><datafield ind1=" " ind2=" " tag="010"><subfield code="a">sn 99066835 </subfield></datafield><datafield ind1=" " ind2=" " tag="040"><subfield code="a">NVK</subfield><subfield code="b">eng</subfield><subfield code="c">NVK</subfield><subfield code="d">OCLCQ</subfield><subfield code="d">OCLCF</subfield><subfield code="d">OCLCO</subfield></datafield><datafield ind1="1" ind2=" " tag="029"><subfield code="a">AU@</subfield><subfield code="b">000020107713</subfield></datafield><datafield ind1=" " ind2=" " tag="042"><subfield code="a">msc</subfield></datafield><datafield ind1=" " ind2=" " tag="043"><subfield code="a">n-us-va</subfield></datafield><datafield ind1="0" ind2="4" tag="245"><subfield code="a">The Southern Argus, and Virginia and North Carolina advertiser.</subfield></datafield><datafield ind1="1" ind2=" " tag="246"><subfield code="i">Published from Mar. 16-20, 1848 as:</subfield><subfield code="a">Daily Southern Argus and Virginia and North Carolina advertiser</subfield></datafield><datafield ind1=" " ind2=" " tag="260"><subfield code="a">Norfolk, Va. :</subfield><subfield code="b">S.T. Sawyer,</subfield><subfield code="c">-1848.</subfield></datafield><datafield ind1=" " ind2=" " tag="300"><subfield code="a">v.</subfield></datafield><datafield ind1=" " ind2=" " tag="310"><subfield code="a">Daily</subfield></datafield><datafield ind1="1" ind2=" " tag="362"><subfield code="a">Began in Jan. 1848.</subfield></datafield><datafield ind1="0" ind2=" " tag="362"><subfield code="a">-v. 1, no. 61 (Mar. 20, 1848).</subfield></datafield><datafield ind1=" " ind2=" " tag="530"><subfield code="a">Available on microfilm from Micro Photo Div., Bell and Howell.</subfield></datafield><datafield ind1=" " ind2=" " tag="580"><subfield code="a">Also published a triweekly "country paper."</subfield></datafield><datafield ind1=" " ind2=" " tag="588"><subfield code="a">Description based on: Vol. 1, no. 2 (Jan. 10, 1848).</subfield></datafield><datafield ind1=" " ind2="0" tag="651"><subfield code="a">Norfolk (Va.)</subfield><subfield code="v">Newspapers.</subfield></datafield><datafield ind1=" " ind2="7" tag="655"><subfield code="a">Newspapers.</subfield><subfield code="2">fast</subfield><subfield code="0">(OCoLC)fst01423814</subfield></datafield><datafield ind1=" " ind2="7" tag="651"><subfield code="a">Virginia</subfield><subfield code="z">Norfolk.</subfield><subfield code="2">fast</subfield><subfield code="0">(OCoLC)fst01206844</subfield></datafield><datafield ind1=" " ind2=" " tag="752"><subfield code="a">United States</subfield><subfield code="b">Virginia</subfield><subfield code="d">Norfolk.</subfield></datafield><datafield ind1="1" ind2=" " tag="775"><subfield code="t">Southern Argus (Norfolk, Va. : 1848 : Triweekly)</subfield><subfield code="w">(DLC)sn 99066727</subfield></datafield><datafield ind1="0" ind2="0" tag="785"><subfield code="t">Daily Southern Argus</subfield><subfield code="w">(DLC)sn 85025707</subfield></datafield></record>